<?xml version="1.0" encoding="UTF-8"?><collection xmlns="http://www.loc.gov/MARC21/slim"><record><leader>00382nam--2200133-i-4500</leader><controlfield tag="001">000043677</controlfield><controlfield tag="002">20161230</controlfield><controlfield tag="005">20161230201044</controlfield><controlfield tag="008">060222s1000------------r-----000-0-eng-d</controlfield><datafield ind1=" " ind2=" " tag="080"><subfield code="a">62-52:681.324</subfield></datafield><datafield ind1=" " ind2=" " tag="100"><subfield code="a">Tanasiciuc,Claudiu</subfield></datafield><datafield ind1=" " ind2=" " tag="245"><subfield code="a">Optimizarea proceselor tehnologice cu ajutorul calculatoarelor</subfield></datafield><datafield ind1=" " ind2=" " tag="260"><subfield code="a">Bucuresti, Inst.Central De Doc.Tehnica, 1971. 99 P</subfield></datafield><datafield ind1=" " ind2=" " tag="852"><subfield code="a">45501</subfield></datafield></record></collection>